@preamble{ "\newcommand{\noopsort}[1]{} "
	# "\newcommand{\printfirst}[2]{#1} "
	# "\newcommand{\singleletter}[1]{#1} "
	# "\newcommand{\switchargs}[2]{#2#1} " }
	
@ARTICLE{mcquarrie1999visual,
  title={Visual rhetoric in advertising: Text-interpretive, experimental, and reader-response analyses},
  author={McQuarrie, Edward F and Mick, David Glen},
  journal={Journal of consumer research},
  volume={26},
  number={1},
  pages={37--54},
  year={1999},
  publisher={JSTOR}
}

@ARTICLE{choi2002antecedents,
  title={Antecedents and consequences of web advertising credibility: A study of consumer response to banner ads},
  author={Choi, Sejung Marina and Rifon, Nora J},
  journal={Journal of Interactive Advertising},
  volume={3},
  number={1},
  pages={12--24},
  year={2002},
  publisher={Taylor \& Francis}
}

@MISC{jong2006evolutionary,
  title={Evolutionary Computation. A Unified Approach},
  author={Jong, KAD},
  year={2006},
  publisher={MIT Press, Cambridge}
}

@ARTICLE{kowaliw2012promoting,
  title={Promoting creative design in interactive evolutionary computation},
  author={Kowaliw, Taras and Dorin, Alan and McCormack, Jon and others},
  journal={IEEE transactions on evolutionary computation},
  volume={16},
  number={4},
  pages={523},
  year={2012},
  publisher={Citeseer}
}

@ARTICLE{takagi2001interactive,
  title={Interactive evolutionary computation: Fusion of the capabilities of EC optimization and human evaluation},
  author={Takagi, Hideyuki},
  journal={Proceedings of the IEEE},
  volume={89},
  number={9},
  pages={1275--1296},
  year={2001},
  publisher={IEEE}
}

@INPROCEEDINGS{malcolm2008approach,
  title={An approach to detecting article spinning},
  author={Malcolm, James A and Lane, Peter CR},
  booktitle={Proceedings of the Third International Conference on Plagiarism},
  year={2008}
}

@BOOK{back1996evolutionary,
  title={Evolutionary algorithms in theory and practice},
  author={Back, Thomas},
  year={1996},
  publisher={Oxford Univ. Press}
}

@ARTICLE{parisi2004modelos,
  title={Modelos de algoritmos geneticos y redes neuronales en la prediccion del signo de variacion del IPSA},
  author={Parisi, F and others},
  year={2004},
  publisher={Jorge Gregoire}
}

@ARTICLE{dao2012novel,
  title={A novel recommendation model of location-based advertising: Context-Aware Collaborative Filtering using GA approach},
  author={Dao, Tuan Hung and Jeong, Seung Ryul and Ahn, Hyunchul},
  journal={Expert Systems with Applications},
  volume={39},
  number={3},
  pages={3731--3739},
  year={2012},
  publisher={Elsevier}
}

@BOOK{garcia2013evospace,
  title={EvoSpace: a distributed evolutionary platform based on the tuple space model},
  author={Garc{\'\i}a-Valdez, Mario and Trujillo, Leonardo and de Vega, Francisco Fern{\'a}ndez and Guerv{\'o}s, Juan J Merelo and Olague, Gustavo},
  year={2013},
  publisher={Springer}
}

@ONLINE{chevrolet,
  author = {Chevrolet},
  title = {{Chevrolet México} Descripción de anuncio},
  year = 2014,
  url = {http://www.chevrolet.com.mx/spark-2014.html},
  urldate = {2014-12-12}
}

@ARTICLE{nielsen1997users,
  title={How users read on the web},
  author={Nielsen, Jakob},
  journal={Jakob Nielsen’s Alertbox},
  year={1997}
}

@ARTICLE{kulkarni2014choose,
  title={How to Choose the Best Content Writing Services For Your Business},
  author={Kulkarni, Prachi},
  journal={Lekhsolutions Blog},
  year={2014}
}

@ARTICLE{kazienko2007adrosa,
  title={AdROSA—Adaptive personalization of web advertising},
  author={Kazienko, Przemys{\l}aw and Adamski, Micha{\l}},
  journal={Information Sciences},
  volume={177},
  number={11},
  pages={2269--2295},
  year={2007},
  publisher={Elsevier}
}

@ARTICLE{zheng2012ontology,
  title={An ontology-based approach to Chinese semantic advertising},
  author={Zheng, Hai-Tao and Chen, Jin-Yuan and Jiang, Yong},
  journal={Information Sciences},
  volume={216},
  pages={138--154},
  year={2012},
  publisher={Elsevier}
}

@ARTICLE{keng2013can,
  title={Can avatar and self-referencing really increase the effects of online 2-D and 3-D advertising?},
  author={Keng, Ching-Jui and Liu, Chia-Chien},
  journal={Computers in Human Behavior},
  volume={29},
  number={3},
  pages={791--802},
  year={2013},
  publisher={Elsevier}
}

@ARTICLE{wu2013position,
  title={Position-wise contextual advertising: Placing relevant ads at appropriate positions of a web page},
  author={Wu, Zongda and Xu, Guandong and Lu, Chenglang and Chen, Enhong and Zhang, Yanchun and Zhang, Hong},
  journal={Neurocomputing},
  volume={120},
  pages={524--535},
  year={2013},
  publisher={Elsevier}
}

@ARTICLE{fan2011blogger,
  title={Blogger-centric contextual advertising},
  author={Fan, Teng-Kai and Chang, Chia-Hui},
  journal={Expert Systems with Applications},
  volume={38},
  number={3},
  pages={1777--1788},
  year={2011},
  publisher={Elsevier}
}

@ARTICLE{dao2012novel,
  title={A novel recommendation model of location-based advertising: Context-Aware Collaborative Filtering using GA approach},
  author={Dao, Tuan Hung and Jeong, Seung Ryul and Ahn, Hyunchul},
  journal={Expert Systems with Applications},
  volume={39},
  number={3},
  pages={3731--3739},
  year={2012},
  publisher={Elsevier}
}

@ARTICLE{hsieh2011different,
  title={How different information types affect viewer’s attention on internet advertising},
  author={Hsieh, Yu-Chen and Chen, Kuo-Hsiang},
  journal={Computers in Human Behavior},
  volume={27},
  number={2},
  pages={935--945},
  year={2011},
  publisher={Elsevier}
}

@ARTICLE{lewis2013customer,
  title={Customer Relationship Stage and the Use of Picture-Dominant versus Text-Dominant Advertising: A Field Study},
  author={Lewis, Michael and Whitler, Kimberly A and Hoegg, JoAndrea},
  journal={Journal of Retailing},
  volume={89},
  number={3},
  pages={263--280},
  year={2013},
  publisher={Elsevier}
}

@INCOLLECTION{madera2014ad,
  title={Ad Text Optimization Using Interactive Evolutionary Computation Techniques},
  author={Madera, Quetzali and Garc{\'\i}a-Valdez, Mario and Mancilla, Alejandra},
  booktitle={Recent Advances on Hybrid Approaches for Designing Intelligent Systems},
  pages={671--680},
  year={2014},
  publisher={Springer}
}

@INCOLLECTION{romero2014using,
  title={Using a Graph Based Database to Support Collaborative Interactive Evolutionary Systems},
  author={Romero, JC and Garc{\'\i}a-Valdez, M},
  booktitle={Recent Advances on Hybrid Approaches for Designing Intelligent Systems},
  pages={581--591},
  year={2014},
  publisher={Springer}
}